@inproceedings{bollacker2008freebase,
  title={Freebase: a collaboratively created graph database for structuring human knowledge},
  author={Bollacker, Kurt and Evans, Colin and Paritosh, Praveen and Sturge, Tim and Taylor, Jamie},
  booktitle={Proceedings of the 2008 ACM SIGMOD international conference on Management of data},
  pages={1247--1250},
  year={2008}
}

@inproceedings{carlson2010toward,
  title={Toward an architecture for never-ending language learning},
  author={Carlson, Andrew and Betteridge, Justin and Kisiel, Bryan and Settles, Burr and Hruschka, Estevam and Mitchell, Tom},
  booktitle={Proceedings of the AAAI conference on artificial intelligence},
  volume={24},
  number={1},
  pages={1306--1313},
  year={2010}
}

@article{vrandevcic2014wikidata,
  title={Wikidata: a free collaborative knowledgebase},
  author={Vrande{\v{c}}i{\'c}, Denny and Kr{\"o}tzsch, Markus},
  journal={Communications of the ACM},
  volume={57},
  number={10},
  pages={78--85},
  year={2014},
  publisher={ACM New York, NY, USA}
}

@inproceedings{toutanova2015representing,
  title={Representing text for joint embedding of text and knowledge bases},
  author={Toutanova, Kristina and Chen, Danqi and Pantel, Patrick and Poon, Hoifung and Choudhury, Pallavi and Gamon, Michael},
  booktitle={Proceedings of the 2015 conference on empirical methods in natural language processing},
  pages={1499--1509},
  year={2015}
}

@article{talukdar2021okgit,
  title={OKGIT: Open Knowledge Graph Link Prediction with Implicit Types},
  author={Talukdar, Partha Pratim and others},
  journal={arXiv preprint arXiv:2106.12806},
  year={2021}
}

