@book{luenberger1984linear,
  title={Linear and nonlinear programming},
  author={Luenberger, David G and Ye, Yinyu and others},
  volume={2},
  year={1984},
  publisher={Springer}
}

@book{kochenderfer2019algorithms,
  title={Algorithms for optimization},
  author={Kochenderfer, Mykel J and Wheeler, Tim A},
  year={2019},
  publisher={Mit Press}
}

@article{lecun2015deep,
  title={Deep learning},
  author={LeCun, Yann and Bengio, Yoshua and Hinton, Geoffrey},
  journal={nature},
  volume={521},
  number={7553},
  pages={436--444},
  year={2015},
  publisher={Nature Publishing Group}
}